@article{Hari.2022,
    author = {Chow, Eric and Hari, Johann},
    date = {2022-03-07},
    title = {Your attention didn’t collapse. It was stolen},
    journal = {The Guardian},
    url = {https://www.theguardian.com/science/2022/jan/02/attention-span-focus-screens-apps-smartphones-social-media},
    urldate = {2023-04-28}
}

@article{Sun.2023,
    author = {Sun, David},
    date = {2023-01-26},
    title = {How can you act against scams? MHA outlines 3 steps you can take},
    journal = {The Straits Times},
    url = {https://www.straitstimes.com/singapore/how-can-you-act-against-scams-mha-outlines-3-steps-you-can-take},
    urldate = {2023-04-28}
}

@online{ITA.2022,
    author = {International Trade Administration},
    title = {Singapore's E-Commerce Market},
    date = {2022-04-20},
    url = {https://www.trade.gov/market-intelligence/singapores-e-commerce-market},
    urldate = {2023-04-28}
}

@article{Statista.2023,
    author = {Degenhard, J.},
    date = {2023-03-21},
    title = {Penetration rate of online banking in Singapore 2013-2028},
    journal = {Statista},
}

@article{Chua.2023,
    author = {Chua, Nadine},
    date = {2023-02-09},
    title = {Scam victims in S’pore lost \$660.7m in 2022; more than half of them were young adults},
    journal = {The Strait Times},
    url = {https://www.straitstimes.com/singapore/scam-victims-in-s-pore-lost-6607-million-in-2022-almost-13-billion-in-past-two-years},
    urldate = {2023-04-28}
}

@online{BrandStudio.2020,
    author = {Brand Studio},
    title = {Millennials beware: You're more likely to be scammed online than your parents},
    date = {2020-09-04},
    url = {https://www.todayonline.com/brand-spotlight/millennials-beware-youre-more-likely-be-scammed-online-your-parents},
    urldate = {2023-04-28}
}

@article{Carlson.2022,
    author = {Carlson, Bob},
    date = {2022-06-25},
    title = {Why Sophisticated People Are More Likely To Be Scammed},
    journal = {Forbes},
    url = {https://www.forbes.com/sites/bobcarlson/2022/07/25/why-sophisticated-people-are-more-likely-to-be-scammed},
    urldate = {2023-04-28},
}

@online{ConnorBernal.2020,
    author = {Connor, Jerry and Bernal, David},
    date = {2020-12},
    title = {Why mindsets matter: The secret to lasting behavior change in moments},
    journal = {bts},
    url = {https://bts.com/insights/why-mindsets-matter-the-secret-to-lasting-behavior-change-in-moments/},
    urldate = {2023-09-18}
}

@article{DatarColeRogers.2014,
    author = {Datar, Tejashree and Cole, Kelly and Rogers, Marcus},
    date = {2014-05-28},
    title = {Awareness of Scam E-mails: An Exploratory Research Study},
    journal = {Annual ADFSL Conference on Digital Forensics, Security and Law},
    url = {https://commons.erau.edu/cgi/viewcontent.cgi?article=1280&context=adfsl},
    urldate = {2023-09-18}
}

@InProceedings{EmanuelRodriguesMartins.nd,
    author="Emanuel, Barbara and Rodrigues, Camila and Martins, Marcos",
    editor="Marcus, Aaron",
    title="Rhetoric of Interaction: Analysis of Pathos",
    booktitle="Design, User Experience, and Usability: Design Discourse",
    year="2015",
    publisher="Springer International Publishing",
    address="Cham",
    pages="417--427",
    isbn="978-3-319-20886-2"
}

@online{Goddard.2023,
    author = {Goddard, Steve},
    date = {2023-02-17},
    title = {The global scam pandemic hits Singapore},
    journal = {FeatureSpace},
    url = {https://www.featurespace.com/newsroom/the-global-scam-pandemic-hits-singapore/},
    urldate = {2023-09-18}
}

@online{Hawkins.2015,
    author = {Hawkins, Jason},
    date = {2015-10-20},
    title = {The Story of How Social Posts Go Viral},
    journal = {SearchEngine Journal},
    url = {https://www.searchenginejournal.com/story-social-posts-go-viral/142588/},
    urldate = {2023-09-18}
}

@online{Ho.2021,
    author = {Ho, Grace},
    date = {2021-09-20},
    title = {The Straits Times remains best-read title, with clear shift to digital, across all age groups: Survey},
    journal = {The Straits Times},
    url = {https://www.straitstimes.com/singapore/community/the-straits-times-remains-best-read-title-with-clear-shift-to-digital-across-all},
    urldate = {2023-09-18}
}

@online{MasterClass.2021,
    author = {MasterClass},
    date = {2021-08-19},
    title = {Psychology of Color Explained: What Is Color Psychology?},
    journal = {MasterClass},
    url = {https://www.masterclass.com/articles/psychology-of-color-explained},
    urldate = {2023-09-18}
}

@online{CNA.2022,
    author = {CNA Insider},
    date = {2022-10-22},
    title = {My hubby tried to help his client and lost $S1.2 million to a scam. I thought of leaving him},
    journal = {Channel News Asia},
    url = {https://www.channelnewsasia.com/cna-insider/my-hubby-tried-help-his-client-and-lost-s12-million-scam-i-thought-leaving-him-3015886},
    urldate = {2023-09-18}
}

@online{NCPC,
    author = {NCPC},
    title = {ScamAlert - Bringing you the latest scam info},
    url = {https://www.scamalert.sg/},
    urldate = {2023-09-17}
}
